@book{Orslieb77,
author = {Gottlieb, D. and Orszag, S.},
title = {Numerical Analysis of Spectral Methods},
publisher = {Society for Industrial and Applied Mathematics},
year = {1977},
doi = {10.1137/1.9781611970425},
address = {},
edition   = {},
URL = {http://epubs.siam.org/doi/abs/10.1137/1.9781611970425},
eprint = {http://epubs.siam.org/doi/pdf/10.1137/1.9781611970425}
}

@article{Eliauer,
	author = {Erik Eliasen and Bennert Machenhauer},
	title = {On the observed large-scale atmospheric wave motions},
	journal = {Tellus A},
	volume = {21},
	number = {2},
	year = {2011},
	keywords = {},
	issn = {1600-0870},
	url = {http://www.tellusa.net/index.php/tellusa/article/view/10069},

}
@article{machenhauer1972integration,
  title={On the integration of the spectral hydrodynamical equations by a transform method. Rept. No. 3, Inst},
  author={Machenhauer, B and Rasmussen, E},
  journal={Teoret. Meteor., Kobenhavns Universitet},
  year={1972}
}
@article{silberman,
  title={Planetary waves in the atmosphere},
  author={I. Silberman},
  journal={Meteorol.11},
  year={1954}
}
@ARTICLE{Orszag70,
   author = {{Orszag}, S.~A.},
    title = "{Transform Method for the Calculation of Vector-Coupled Sums: Application to the Spectral Form of the Vorticity Equation.}",
  journal = {Journal of Atmospheric Sciences},
     year = 1970,
    month = sep,
   volume = 27,
    pages = {890-895},
      doi = {10.1175/1520-0469(1970)027<0890:TMFTCO>2.0.CO;2},
   adsurl = {http://adsabs.harvard.edu/abs/1970JAtS...27..890O},
  adsnote = {Provided by the SAO/NASA Astrophysics Data System}
}
@inproceedings{blinova1944,
  title={Hydrodynamic Theory of Pressure Waves, Temperature Waves, and Atmospheric Centers of Action},
  author={Blinova, EN},
  booktitle={Dokl. Akad. Nauk},
  volume={39},
  number={7},
  pages={284--287},
  year={1943}
}
@book{eliasenauermussen,
  title={On a Numerical Method for Integration of the Hydrodynamical Equations with a Spectral Representation of the Horizontal Fields},
  author={Eliasen, E. and Machenhauer, B. and Rasmussen, E.},
  series={K{\o}benhavns Universitet. Institut for teoretisk Meteorologi. Report},
  url={https://books.google.com.br/books?id=3dnDcQAACAAJ},
  year={1970},
  publisher={Kobenhavns Universitet, Institut for Teoretisk Meteorologi}
}
@book{book:karniadakis,
   title =     {Spectral/hp Element Methods for CFD},
   author =    {George Em Karniadakis, Spencer J. Sherwin},
   publisher = {Oxford University Press, USA},
   isbn =      {9780195102260,0195102266},
   year =      {1999},
   series =    {Numerical Mathematics and Scientific Computation},
   edition =   {illustrated edition},
   volume =    {},
   url =       {http://gen.lib.rus.ec/book/index.php?md5=a0ee6b5021c76b8b8c85b83457dc977c}
}
